<record><leader>00000cas a2200000 a 4500</leader><controlfield tag="001">21994149</controlfield><controlfield tag="008">900712c19909999caudr n       0   a0eng c</controlfield><datafield ind1=" " ind2=" " tag="010"><subfield code="a">sn 90003842 </subfield></datafield><datafield ind1=" " ind2=" " tag="040"><subfield code="a">NSD</subfield><subfield code="b">eng</subfield><subfield code="c">NSD</subfield><subfield code="d">CNK</subfield><subfield code="d">NSD</subfield><subfield code="d">OCLCQ</subfield><subfield code="d">CNK</subfield><subfield code="d">OCLCQ</subfield><subfield code="d">OCLCF</subfield><subfield code="d">OCLCO</subfield></datafield><datafield ind1="1" ind2=" " tag="022"><subfield code="a">1051-5739</subfield><subfield code="l">1051-5739</subfield><subfield code="2">1</subfield></datafield><datafield ind1="1" ind2=" " tag="029"><subfield code="a">AU@</subfield><subfield code="b">000025863995</subfield></datafield><datafield ind1="1" ind2=" " tag="029"><subfield code="a">NZ1</subfield><subfield code="b">16074885</subfield></datafield><datafield ind1=" " ind2=" " tag="032"><subfield code="a">240960</subfield><subfield code="b">USPS</subfield></datafield><datafield ind1=" " ind2=" " tag="037"><subfield code="b">Tri-Valley Herald, POB 697, Pleasanton, CA 94588-0866</subfield></datafield><datafield ind1=" " ind2=" " tag="042"><subfield code="a">pcc</subfield><subfield code="a">nsdp</subfield></datafield><datafield ind1="0" ind2=" " tag="130"><subfield code="a">Tri-valley herald (Pleasanton, Calif. : 1990)</subfield></datafield><datafield ind1=" " ind2="0" tag="222"><subfield code="a">Tri-valley herald</subfield><subfield code="b">(1990)</subfield></datafield><datafield ind1="0" ind2="0" tag="245"><subfield code="a">Tri-valley herald.</subfield></datafield><datafield ind1=" " ind2=" " tag="260"><subfield code="a">Pleasanton, Calif. :</subfield><subfield code="b">Alameda Newspaper Group</subfield></datafield><datafield ind1=" " ind2=" " tag="300"><subfield code="a">v.</subfield></datafield><datafield ind1=" " ind2=" " tag="310"><subfield code="a">Daily</subfield></datafield><datafield ind1="0" ind2=" " tag="362"><subfield code="a">117th year, no. 31 (June 12, 1990)-</subfield></datafield><datafield ind1=" " ind2=" " tag="500"><subfield code="a">Published in several geographic editions.</subfield></datafield><datafield ind1=" " ind2=" " tag="530"><subfield code="a">Master negatives are available for duplication from:</subfield><subfield code="b">California Newspaper Microfilm Archive;</subfield><subfield code="c">positive copies may be purchased by the reel; for further information consult the CNMA at:</subfield><subfield code="u">http://cbsr.ucr.edu</subfield></datafield><datafield ind1=" " ind2="0" tag="651"><subfield code="a">Alameda County (Calif.)</subfield><subfield code="v">Newspapers.</subfield></datafield><datafield ind1=" " ind2="7" tag="655"><subfield code="a">Newspapers.</subfield><subfield code="2">fast</subfield><subfield code="0">(OCoLC)fst01423814</subfield></datafield><datafield ind1=" " ind2="7" tag="651"><subfield code="a">California</subfield><subfield code="z">Alameda County.</subfield><subfield code="2">fast</subfield><subfield code="0">(OCoLC)fst01205577</subfield></datafield><datafield ind1=" " ind2=" " tag="752"><subfield code="a">United States</subfield><subfield code="b">California</subfield><subfield code="c">Alameda</subfield><subfield code="d">Pleasanton.</subfield></datafield><datafield ind1="0" ind2=" " tag="775"><subfield code="t">San Ramon Valley herald (Pleasanton, Calif. : 1995)</subfield><subfield code="w">(DLC)sn2009271017</subfield></datafield><datafield ind1="0" ind2="0" tag="780"><subfield code="t">Valley herald (Hayward, Calif.)</subfield><subfield code="x">1049-2518</subfield><subfield code="w">(DLC)sn 90002646</subfield><subfield code="w">(OCoLC)21188517</subfield></datafield><datafield ind1="0" ind2="0" tag="780"><subfield code="t">San Ramon Valley herald</subfield><subfield code="w">(DLC)sn 94052870</subfield></datafield></record>